@book{estDatos,
    AUTHOR="Narciso Mart\'{i} Oliet and Yolanda Ortega Mall\'{e}n and Alberto Verdejo",
TITLE="Estructuras de datos y M\'{e}todos Algor\'{i}tmicos, 213 Ejercicios resueltos $2^{a}$ Edici\'{o}n",
PUBLISHER="Ed. Garceta",
YEAR="2013",
}

@manual{mgarciat,
      title  = "Lecci\'{o}n: Algoritmos Voraces. MTP2 Curso 2010/11",
      author = "Miguel Garc\'{i}a Torres",
      note   = "\url{http://eps.upo.es/mgarciat/paginaweb/material/docencia/c1011/c1011_mtp2_algoritmo_voraz.pdf}",
      year   = "2010/2011"
    }
    
    @manual{mgarciat2,
      title  = "Lecci\'{o}n: B\'{u}squedas locales. Tema 4: Dise\~{n}o de algoritmos",
      author = "Miguel Garc\'{i}a Torres",
      note   = "\url{https://campusvirtual.upo.es/bbcswebdav/pid-2372042-dt-content-rid-3312725_1/courses/GIFS701050_L1_1718/presentacion%286%29.pdf}",
      year   = "2017/2018"
    }
    
    
@manual{berkeleyCap4,
      title  = "Local Search Algorithm, Chapter 4, Sections 3-4",
      author = "Berkeley University",
      note   = "\url{http://aima.eecs.berkeley.edu/slides-pdf/chapter04b.pdf}"
    }
    
    @manual{chess,
      title  = "Eight Queens Puzzle: Tree Algorithm",
      author = "Dietmar Schoder",
      note   = "\url{https://www.codeproject.com/Articles/806248/Eight-Queens-Puzzle-Tree-Algorithm}",
      year = "2014"
    }
    @manual{usT6,
      title  = "B\'{u}squeda local y algoritmos gen\'{e}ticos",
      author = "Jos\'{e} Luis Ruiz Reina",
      note   = "\url{https://www.cs.us.es/cursos/ia1/temas/tema-06.pdf}",
      year = "2012"
    }
    
@book{ssskiena,
	AUTHOR="Steven S. Skiena",
	TITLE="The Algorithm Design Manual, Second Edition",
	PUBLISHER="Springer-Verlag London Limited",
	YEAR="2008"
}

   
    @manual{alphagalileo,
      title  = "Travelling Salesman Problem: Local Search and
Divide and Conquer working together",
      author = "Andrej Kazakov and ak905@ecs",
      note   = "\url{https://www.alphagalileo.org/AssetViewer.aspx?AssetId=11321}",
      year = "March 2009"
    }
    
    @manual{thesai,
      title  = "Reduced Complexity Divide and Conquer Algorithm 
for Large Scale TSPs",
      author = "Hoda A. Darwish and Ihab Talkhan",
      note   = "\url{https://thesai.org/Downloads/Volume5No1/Paper_10-Reduced_Complexity_Divide_and_Conquer_Algorithm_for_Large_Scale_TSPs.pdf}",
      year = "2014"
    }
    
    @manual{berkeleyAll,
      title  = "Algorithms",
      author = "S. Dasgupta and C. H. Papadimitriou and U. V. Vazirani",
      note   = "\url{http://www.cse.iitd.ernet.in/~naveen/courses/CSL630/all.pdf}",
      year = "2006"
    }
    
    @manual{cscmu,
      title  = "Lecture 4: Divide and Conquer Continued",
      author = "Guy Blelloch",
      note = "\url{http://www.cs.cmu.edu/afs/cs/academic/class/15210-f12/www/lectures/lecture04.pdf}",
      year = "September 6 2012"
    }